@article{10.1257/aer.20140529,
Author = {Aizer, Anna and Eli, Shari and Ferrie, Joseph and Lleras-Muney, Adriana},
Title = {The Long-Run Impact of Cash Transfers to Poor Families},
Journal = {American Economic Review},
Volume = {106},
Number = {4},
Year = {2016},
Month = {April},
Pages = {935-71},
DOI = {10.1257/aer.20140529},
URL = {http://www.aeaweb.org/articles?id=10.1257/aer.20140529}}